@article{wang2018visualization,
  title={Visualization and visual analysis of ensemble data: A survey},
  author={Wang, Junpeng and Hazarika, Subhashis and Li, Cheng and Shen, Han-Wei},
  journal={IEEE transactions on visualization and computer graphics},
  volume={25},
  number={9},
  pages={2853--2872},
  year={2018},
  publisher={IEEE}
}

@inproceedings{ahrens2014image,
author={J. {Ahrens} and S. {Jourdain} and P. {OLeary} and J. {Patchett} and D. H. {Rogers} and M. {Petersen}},
booktitle={SC '14: Proceedings of the International Conference for High Performance Computing, Networking, Storage and Analysis},
title={An Image-Based Approach to Extreme Scale in Situ Visualization and Analysis},
year={2014},
volume={},
number={},
pages={424-434},
keywords={data analysis;data visualisation;image processing;public domain software;software tools;interactive image-based approach;extreme scale in situ visualization;extreme scale scientific simulations;extreme scale data analysis;open source tools;Data visualization;Cameras;Analytical models;Data models;Databases;Computational modeling;Atmospheric modeling},
doi={10.1109/SC.2014.40},
ISSN={2167-4329},
month={Nov},}

@inproceedings{ahrens2014situ,
  title={In situ mpas-ocean image-based visualization},
  author={Ahrens, James and Jourdain, S{\'e}bastien and O’Leary, Patrick and Patchett, John and Rogers, David H and Fasel, Patricia and Bauer, Andrew and Petersen, Mark and Samsel, Francesca and Boeckel, Benjamin},
  booktitle={Proceedings of the International Conference for High Performance Computing, Networking, Storage and Analysis, Visualization \& Data Analytics Showcase},
  year={2014}
}

@inproceedings{bauer2016situ,
  title={In situ methods, infrastructures, and applications on high performance computing platforms},
  author={Bauer, Andrew C and Abbasi, Hasan and Ahrens, James and Childs, Hank and Geveci, Berk and Klasky, Scott and Moreland, Kenneth and O'Leary, Patrick and Vishwanath, Venkatram and Whitlock, Brad and others},
  booktitle={Computer Graphics Forum},
  volume={35},
  number={3},
  pages={577--597},
  year={2016},
  organization={Wiley Online Library}
}

@article{ma2009situ,
  title={In situ visualization at extreme scale: Challenges and opportunities},
  author={Ma, Kwan-Liu},
  journal={IEEE Computer Graphics and Applications},
  volume={29},
  number={6},
  pages={14--19},
  year={2009},
  publisher={IEEE}
}

@article{he2019insitunet,
  title={InSituNet: Deep Image Synthesis for Parameter Space Exploration of Ensemble Simulations},
  author={He, Wenbin and Wang, Junpeng and Guo, Hanqi and Wang, Ko-Chih and Shen, Han-Wei and Raj, Mukund and Nashed, Youssef SG and Peterka, Tom},
  journal={IEEE Transactions on Visualization and Computer Graphics},
  volume={26},
  number={1},
  pages={23--33},
  year={2019},
  publisher={IEEE}
}

@inproceedings{goodfellow2014generative,
  title={Generative adversarial nets},
  author={Goodfellow, Ian and Pouget-Abadie, Jean and Mirza, Mehdi and Xu, Bing and Warde-Farley, David and Ozair, Sherjil and Courville, Aaron and Bengio, Yoshua},
  booktitle={Advances in neural information processing systems},
  pages={2672--2680},
  year={2014}
}

@article{mirza2014conditional,
  title={Conditional generative adversarial nets},
  author={Mirza, Mehdi and Osindero, Simon},
  journal={arXiv preprint arXiv:1411.1784},
  year={2014}
}

@inproceedings{zolt2003peel
author = {Nagy, Zolt\'{a}n and Klein, Reinhard},
title = {Depth-Peeling for Texture-Based Volume Rendering},
year = {2003},
isbn = {0769520286},
publisher = {IEEE Computer Society},
address = {USA},
booktitle = {Proceedings of the 11th Pacific Conference on Computer Graphics and Applications},
pages = {429},
numpages = {1},
series = {PG ’03}
}

@misc{Grinstein:2002:IVV,
  author = {Georges Grinstein and Daniel Keim and Matthew Ward},
  title = {Information Visualization, Visual Data Mining, and Its Application to Drug Design},
  howpublished = {IEEE Visualization Course \#1 Notes},
  month = {October},
  year = {2002},
	url = {http://vis.computer.org/vis2002/program/tutorials/tutorial_01_abstract.html}
}

@Article{Isenberg:2017:VMC,
  author = {Petra Isenberg and Florian Heimerl and Steffen Koch and Tobias Isenberg and Panpan Xu and Chad Stolper and Michael Sedlmair and Jian Chen and Torsten M{\"o}ller and John Stasko},
	title = {{vispubdata.org: A Metadata Collection about {IEEE} Visualization ({VIS}) Publications}},
	journal = {IEEE Transactions on Visualization and Computer Graphics},
	year = {2017},
	volume = {23},
	OPTnumber = {},
	OPTmonth = {},
	OPTpages = {},
	doi = {https://doi.org/10.1109/TVCG.2016.2615308},
  OPTgooglescholarid = {},
	note = {To appear},
}

@mastersthesis{Kindlmann:1999:SAG,
  author = {Gordon Kindlmann},
  title = {Semi-Automatic Generation of Transfer Functions for Direct Volume Rendering},
  school = {Cornell University},
	address = {USA},
	url = {http://www.graphics.cornell.edu/pubs/1999/Kin99.html},
  year = 1999,
}

@manual{Kitware:2003,
  title = {The Visualization Toolkit User's Guide},
  organization = {Kitware, Inc.},
  year = {2003},
  month = {January},
	url = {http://www.kitware.com/publications/item/view/1269}
}

@phdthesis{Levoy:1989:DSV,
  author = {Marc Levoy},
  title = {Display of Surfaces from Volume Data},
  school = {University of North Carolina at Chapel Hill},
	address = {USA},
	url = {http://www.cs.unc.edu/techreports/89-022.pdf},
  year = {1989},
}

@article{Lorensen:1987:MCA,
 author = {Lorensen, William E. and Cline, Harvey E.},
 title = {Marching Cubes: A High Resolution {3D} Surface Construction Algorithm},
 journal = {SIGGRAPH Computer Graphics},
 volume = {21},
 number = {4},
 month = aug,
 year = {1987},
 pages = {163--169},
 doi = {10.1145/37402.37422},
}

@article{Max:1995:OMF,
 author = {Max, Nelson},
 title = {Optical Models for Direct Volume Rendering},
 journal = {IEEE Transactions on Visualization and Computer Graphics},
 volume = {1},
 number = {2},
 month = jun,
 year = {1995},
 pages = {99--108},
 doi = {10.1109/2945.468400},
} 

@inproceedings{Nielson:1991:TAD,
  author = {Gregory M. Nielson and Bernd Hamann},
  title = {The Asymptotic Decider: Removing the Ambiguity in Marching Cubes},
  year = {1991},
  booktitle = {Proc.\ Visualization},
  pages = {83--91},
  doi={10.1109/VISUAL.1991.175782},
	publisher = {IEEE Computer Society},
	address = {Los Alamitos},
}

@book{Ware:2004:IVP,
  author = {Colin Ware},
  title = {Information Visualization: Perception for Design},
  edition = {2\textsuperscript{nd}},
  year = 2004,
  publisher = {Morgan Kaufmann Publishers Inc.},
  address = {San Francisco},
	doi = {https://doi.org/10.1016/B978-155860819-1/50001-7}
}

@ARTICLE{Wyvill:1986:DSS,
  author = {Wyvill, Geoff and McPheeters, Craig and Wyvill, Brian},
  title = {Data Structure for \emph{soft} Objects},
  journal = {The Visual Computer},
  year = {1986},
  volume = {2},
  pages = {227--234},
  number = {4},
  month = aug,
  doi = {10.1007/BF01900346}
}
